% Chapter Introduction
@article{Pois_tran,
  title={Low-dimensional models of subcritical transition to turbulence},
  author={Baggett, J. S. and Trefethen, L. N.},
  journal={Physics of Fluids (1994-present)},
  volume={9},
  number={4},
  pages={1043--1053},
  year={1997},
  publisher={AIP Publishing}
}
@article{Poi_sub_tran,
  title={Subcritical transition to turbulence in plane channel flows},
  author={Orszag, S. A. and Patera, A. T.},
  journal={Physical Review Letters},
  volume={45},
  number={12},
  pages={989},
  year={1980},
  publisher={APS}
}
% electroconvection papers
@phdthesis{PeiChunTsain,
  title={The Route to Chaos and Turbulence in Annular Electroconvection},
  author={Tsai, Pei-Chun},
  year={2007},
  school={University of Toronto}
}
@article{Annular,
  title={Codimension-two points in annular electroconvection as a function of aspect ratio},
  author={Deyirmenjian, V. B. and Daya, Z. A. and Morris, S. W.},
  journal={Physical Review E},
  volume={72},
  number={3},
  pages={036211},
  year={2005},
  publisher={APS}
}
@article{DNSSAE,
  title={Direct numerical simulation of supercritical annular electroconvection},
  author={Tsai, Peichun and Daya, Z. A. and Deyirmenjian, V. B. and Morris, S. W.},
  journal={Physical Review E},
  volume={76},
  number={2},
  pages={026305},
  year={2007},
  publisher={APS}
}
@article{linearstability,
  title={Electroconvection in a suspended fluid film: a linear stability analysis},
  author={Daya, Z. A. and Morris, S. W. and de Bruyn, J. R.},
  journal={Physical Review E},
  volume={55},
  number={3},
  pages={2682},
  year={1997},
  publisher={APS}
}
@article{cod,
  title={Codimension-two points in annular electroconvection as a function of aspect ratio},
  author={Deyirmenjian, V. B. and Daya, Z. A. and Morris, S. W.},
  journal={Physical Review E},
  volume={72},
  number={3},
  pages={036211},
  year={2005},
  publisher={APS}
}
@article{SBSAE,
  title={Sequential bifurcations in sheared annular electroconvection},
  author={Daya, Z. A. and Deyirmenjian, V. B. and Morris, S. W.},
  journal={Physical Review E},
  volume={66},
  number={1},
  pages={015201},
  year={2002},
  publisher={APS}
}
@article{BAEWIS,
  title={Bifurcations in annular electroconvection with an imposed shear},
  author={Daya, Z. A. and Deyirmenjian, V. B. and Morris, S. W.},
  journal={Physical Review E},
  volume={64},
  number={3},
  pages={036212},
  year={2001},
  publisher={APS}
}
@article{EDCTAFUCF,
  title={Electrically driven convection in a thin annular film undergoing circular {Couette} flow},
  author={Daya, Z. A. and Deyirmenjian, V. B. and Morris, S. W.},
  journal={Physics of Fluids},
  volume={11},
  number={12},
  pages={3613--3628},
  year={1999},
  publisher={AIP Publishing}
}
@article{ARDCTTE,
  title={Aspect-ratio dependence of charge transport in turbulent electroconvection},
  author={Tsai, Peichun and Daya, Z. A. and Morris, S. W.},
  journal={Physical Review Letters},
  volume={92},
  number={8},
  pages={084503},
  year={2004},
  publisher={APS}
}
@article{AEWSDaDe,
  title={Annular electroconvection with shear},
  author={Daya, Z. A. and Deyirmenjian, V. B. and Morris, S. W. and De Bruyn, J. R.},
  journal={Physical Review Letters},
  volume={80},
  number={5},
  pages={964},
  year={1998},
  publisher={APS}
}
@article{experi_elec,
  title={Patterns at the onset of electroconvection in freely suspended smectic films},
  author={Morris, S. W. and de Bruyn, J. R. and May, A. D.},
  journal={Journal of Statistical Physics},
  volume={64},
  number={5-6},
  pages={1025--1043},
  year={1991},
  publisher={Springer}
}
@article{LSSE-PeDa,
  title={Localized states in sheared electroconvection},
  author={Tsai, Peichun and Morris, S. W. and Daya, Z. A.},
  journal={EPL (Europhysics Letters)},
  volume={84},
  number={1},
  pages={14003},
  year={2008},
  publisher={IOP Publishing}
}
@article{pattern,
  title={Patterns at the onset of electroconvection in freely suspended smectic films},
  author={Morris, S. W. and de Bruyn, J. R. and May, A. D.},
  journal={Journal of Statistical Physics},
  volume={64},
  number={5-6},
  pages={1025--1043},
  year={1991},
  publisher={Springer}
}
@article{WNAEISFF,
  title={Weakly nonlinear analysis of electroconvection in a suspended fluid film},
  author={Deyirmenjian, V. B. and Daya, Z. A. and Morris, S. W.},
  journal={Physical Review E},
  volume={56},
  number={2},
  pages={1706},
  year={1997},
  publisher={APS}
}
% Continuation method
@article{MATCONT,
  title={Numerical continuation of bifurcations of limit cycles in {MATLAB}},
  author={Govaerts, W. and Kuznetsov, Y. A. and Dhooge, A.},
  journal={SIAM Journal on Scientific Computing},
  volume={27},
  number={1},
  pages={231--252},
  year={2005},
  publisher={SIAM}
}
@article{Sanchez2004,
  title={{Newton--Krylov} continuation of periodic orbits for {Navier--Stokes} flows},
  author={S{\'a}nchez, J. and Net, M. and Garc{\i}a-Archilla, B. and Sim{\'o}, C.},
  journal={Journal of Computational Physics},
  volume={201},
  number={1},
  pages={13--33},
  year={2004},
  publisher={Elsevier}
}
@inbook{rel_equ,
  author={N. P\'erinet and G. M. Lewis and L. van Veen},
  year= 2015,
  chapter={Primary Flow Transitions in Baroclinic Annulus},
  editor = {Thomas von Larcher and Paul D. Williams},
  title= {Modelling Atmospheric and Oceanic Flows},
  publisher= {American Geophysical Union and John Wiley \& Sons},
  address= {Oxford}
}
@article{cond_periodic,
  title={Computation of periodic solution bifurcations in ODEs using bordered systems},
  author={Doedel, E. J. and Govaerts, W. and Kuznetsov, Y. A.},
  journal={SIAM Journal on Numerical Analysis},
  volume={41},
  number={2},
  pages={401--435},
  year={2003},
  publisher={SIAM}
}
@book{eig_arpackusers,
  title={{ARPACK Users' Guide: Solution of Large-Scale Eigenvalue Problems with Implicitly Restarted Arnoldi Methods}},
  author={Lehoucq, R. B. and Sorensen, D. C. and Yang, C.},
  %volume={6},
  year={1998},
  publisher={SIAM},
  address = {Philadelphia}
}
@book{tref_num_lin_alg,
  title={Numerical Linear Algebra},
  author={Trefethen, L. N. and Bau III, D.},
  volume={50},
  year={1997},
  publisher={SIAM},
  address = {Philadelphia}
}
@book{Trefethen,
  title={Spectral Methods in {MATLAB}},
  author={Trefethen, L. N.},
  volume={10},
  year={2000},
  publisher={SIAM},
  address = {Philadelphia}
}
@book{Ascher,
  title={Computer methods for ordinary differential equations and differential-algebraic equations},
  author={Ascher, U. M. and Petzold, L. R.,
  volume={61},
  year={1998},
  publisher={SIAM},
  address = {Philadelphia}
}
@article{Saad,
  title={GMRES: A generalized minimal residual algorithm for solving nonsymmetric linear systems},
  author={Saad, Y. and Schultz, M. H.},
  journal={SIAM Journal on Scientific and Statistical Computing},
  volume={7},
  number={3},
  pages={856--869},
  year={1986},
  publisher={SIAM}
}
@MISC{Doedel_auto2000,
  title={Continuation and bifurcation software for ordinary differential equations (with HomCont)},
  author={Doedel, E. J. and Champneys, A. R. and Fairgrieve, T. F. and Kuznetsov, Y. A. and Sandstede, B. and Wang, X. and others},
  journal={AUTO97},
  year={1998},
  publisher={CA: California Institute of Technology Pasadena}
}
@book{Kuznet,
  title={Elements of Applied Bifurcation Theory},
  author={Kuznetsov, Y. A.},
  edition = {2nd},
  volume={112},
  year={1998},
  publisher={Springer Science \& Business Media}
}
@book{liq_cry,
  title={Liquid Crystal Elastomers},
  author={Warner, M. and Terentjev, E. M.},
  volume={120},
  year={2003},
  publisher={Oxford University Press}
}
@book{Con_meth_1,
  title={Numerical Methods for Bifurcations of Dynamical Equilibria},
  author={Govaerts, W. J. F.},
  year={2000},
  publisher={SIAM},
  address = {Philadelphia}
}
@book{Con_meth_2,
  title={Introduction to Numerical Continuation Methods},
  author={Allgower, E. L. and Georg, K.},
  Volume={45},
  year={2003},
  publisher={SIAM},
  address = {Philadelphia}
}
@article{Keller,
  title={Numerical solution of bifurcation and nonlinear eigenvalue problems},
  author={Keller, H. B.},
  journal={Applications of Bifurcation Theory},
  pages={359--384},
  year={1977}
}
@article{Sanchez200413,
  title={{Newton--Krylov} continuation of periodic orbits for {Navier--Stokes} flows},
  author={S{\'a}nchez, J. and Net, M. and Garc{\i}a-Archilla, B. and Sim{\'o}, C.},
  journal={Journal of Computational Physics},
  volume={201},
  number={1},
  pages={13--33},
  year={2004},
  publisher={Elsevier}
}
@article{Caley,
  title={Shift-invert and {Cayley} transforms for detection of rightmost eigenvalues of nonsymmetric matrices},
  author={Meerbergen, K. and Spence, A. and Roose, D.},
  journal={BIT Numerical Mathematics},
  volume={34},
  number={3},
  pages={409--423},
  year={1994},
  publisher={Springer}
}
%%% added Lewis Papers
@article{Lew_DoubleHopf,
  title={Double Hopf bifurcations in the differentially heated rotating annulus},
  author={Lewis, G. M. and Nagata, W.},
  journal={SIAM Journal on Applied Mathematics},
  volume={63},
  number={3},
  pages={1029--1055},
  year={2003},
  publisher={SIAM}
}
@article{epsilon_size,
  title={Nonlinearly preconditioned {Krylov} subspace methods for discrete {Newton} algorithms},
  author={Chan, T. F. and Jackson, K. R.},
  journal={SIAM Journal on Scientific and Statistical Computing},
  volume={5},
  number={3},
  pages={533--542},
  year={1984},
  publisher={SIAM}
}
@article{Lew_Henn,
  title={The primary flow transition in a differentially heated rotating channel of fluid with {O(2)} symmetry},
  author={Hennessy, M. G. and Lewis, G. M.},
  journal={Journal of Computational and Applied Mathematics},
  volume={254},
  pages={116--131},
  year={2013},
  publisher={Elsevier}
}
@article{morris1992,
  title={Electroconvection in a Suspended Smectic Film},
  author={Morris, S.},
  journal={Liquid Crystals Today},
  volume={2},
  number={1},
  pages={4--5},
  year={1992},
  publisher={Taylor \& Francis}
}
@article{mao1995,
  title={Boundary-induced wavelength selection in a one-dimensional pattern-forming system},
  author={Mao, S. S. and de Bruyn, J. R. and Morris, S. W.},
  journal={arXiv preprint patt-sol/9503002},
  year={1995}
}
@article{tsai2004aspect,
  title={Aspect-ratio dependence of charge transport in turbulent electroconvection},
  author={Tsai, Peichun and Daya, Z. A. and Morris, S. W.},
  journal={Physical Review Letters},
  volume={92},
  number={8},
  pages={084503},
  year={2004},
  publisher={APS}
}
@book{strogatz2014,
  title={Nonlinear Dynamics and Chaos: with Applications to Physics, Biology, Chemistry, and Engineering},
  author={Strogatz, S. H.},
  year={2014},
  publisher={Westview press}
}
@book{book2012liquid,
  title={Liquid Crystals: Materials Design and Self-assembly},
  author={Tschierske, C.},
  volume={318},
  year={2012},
  publisher={Springer Science \& Business Media}
}
@article{sanchez2010computation,
  title={Computation of invariant tori by {Newton--Krylov} methods in large-scale dissipative systems},
  author={S{\'a}nchez, J. and Net, M. and Sim{\'o}, C.},
  journal={Physica D: Nonlinear Phenomena},
  volume={239},
  number={3},
  pages={123--133},
  year={2010},
  publisher={Elsevier}
}
